%% This BibTeX bibliography file was created using BibDesk.
%% http://bibdesk.sourceforge.net/


%% Created for Varun Singh at 2011-05-08 20:08:06 +0300 


%% Saved with string encoding Unicode (UTF-8) 



@misc{codec_src,
	Author = {Nokia},
	Title = {{Homepage of H.264 codec}},
	Url = {http://research.nokia.com/page/4988},}

@misc{YUV_seq,
	Author = {xiph.org},
	Title = {{YUV Sequences}},
	Url = {http://media.xiph.org/video/derf/},}


@misc{s4.eval.bitrate,
	Author = {{{3GPP R1-081955}}},
	Date-Modified = {2011-05-08 12:53:33 +0300},
	Days = 5,
	Month = may,
	Title = {{{LTE} Link Level Throughput Data for SA4 Evaluation Framework.}},
	Type = {Proposal},
	Year = 2008,
	Bdsk-Url-1 = {http://www.3gpp.net/ftp/tsg_ran/WG1_RL1/TSGR1_53/Docs/R1-081955.zip}}

@misc{s4.eval.fw,
	Author = {{{3GPP S4-080771}}},
	Date-Modified = {2011-05-08 12:53:33 +0300},
	Days = 5,
	Month = oct,
	Title = {{{MTSI} Video Dynamic Rate Adaptation: Evaluation Framework}},
	Type = {Proposal},
	Year = 2008,
	Bdsk-Url-1 = {http://www.3gpp.org/FTP/tsg_sa/WG4_CODEC/TSGS4_51/Docs/S4-080771.zip}}

@article{rohc-mm,
	Address = {Hingham, MA, USA},
	Author = {Fitzek, Frank H. and Rein, Stephan and Seeling, Patrick and Reisslein, Martin},
	Date-Modified = {2011-05-08 12:53:33 +0300},
	Issn = {0929-6212},
	Journal = {Wirel. Pers. Commun.},
	Number = {1},
	Publisher = {Kluwer Academic Publishers},
	Title = {{RObust Header Compression (ROHC) Performance for Multimedia Transmission over 3G/4G Wireless Networks}},
	Volume = {32},
	Year = {2005},
	Bdsk-Url-1 = {http://dx.doi.org/10.1007/s11277-005-7733-2}}

@article{504642,
	Address = {Piscataway, NJ, USA},
	Author = {Floyd,, Sally and Paxson,, Vern},
	Date-Modified = {2011-05-08 12:53:33 +0300},
	Issn = {1063-6692},
	Journal = {IEEE/ACM TON},
	Number = {4},
	Publisher = {IEEE Press},
	Title = {Difficulties in Simulating the Internet},
	Volume = {9},
	Year = {2001},
	Bdsk-Url-1 = {http://dx.doi.org/10.1109/90.944338}}

@article{Calvert97modelinginternet,
	Author = {Kenneth L. Calvert and Matthew B. Doar and Ascom Nexion and Ellen W. Zegura and Georgia Tech and Georgia Tech},
	Journal = {IEEE Communications Magazine},
	Title = {Modeling Internet Topology},
	Volume = {35},
	Year = {1997}}

@article{1355745,
	Address = {New York, NY, USA},
	Author = {Haddadi,, Hamed and Uhlig,, Steve and Moore,, Andrew and Mortier,, Richard and Rio,, Miguel},
	Date-Modified = {2011-05-08 12:53:33 +0300},
	Issn = {0146-4833},
	Journal = {SIGCOMM CCR},
	Number = {2},
	Publisher = {ACM},
	Title = {Modeling Internet Topology Dynamics},
	Volume = {38},
	Year = {2008},
	Bdsk-Url-1 = {http://doi.acm.org/10.1145/1355734.1355745}}

@article{nadu.1070341,
	Author = {Curcio, I.D.D. and Leon, D.},
	Date-Modified = {2011-05-08 12:53:33 +0300},
	Journal = {Proc. of IEEE WOWMOM},
	Location = {Taormina/Giardini Naxos, Italy},
	Title = {Application Rate Adaptation for Mobile Streaming},
	Year = {2005},
	Bdsk-Url-1 = {http://dx.doi.org/10.1109/WOWMOM.2005.28}}

@article{tfrc_347397,
	Acmid = {347397},
	Address = {New York, NY, USA},
	Author = {Floyd, Sally and Handley, Mark and Padhye, Jitendra and Widmer, J\"{o}rg},
	Issn = {0146-4833},
	Issue = {4},
	Issue_Date = {October 2000},
	Journal = {SIGCOMM CCR},
	Numpages = {14},
	Publisher = {ACM},
	Title = {Equation-based Congestion Control for Unicast Applications},
	Volume = {30},
	Year = {2000},
	Bdsk-Url-1 = {http://doi.acm.org/10.1145/347057.347397}}

@misc{mtsi,
	Author = {{{3GPP TS 26.114}}},
	Date-Modified = {2011-05-08 12:53:33 +0300},
	Title = {{IP Multimedia Subsystem (IMS)}: Multimedia Telephony; Media Handling and Interaction},
	Bdsk-Url-1 = {http://www.3gpp.org/ftp/specs/html-info/26114.htm}}

@misc{3gppSim,
	Author = {{{3GPP S4-050560}}},
	Date-Modified = {2011-05-08 12:53:33 +0300},
	Days = 5,
	Month = sep,
	Title = {{Software Simulator for MBMS Streaming over UTRAN and GERAN}},
	Type = {Proposal},
	Year = 2005,
	Bdsk-Url-1 = {http://www.3gpp.org/FTP/tsg_sa/WG4_CODEC/TSGS4_36/Docs/S4-050560.zip}}

@misc{3gpp.26.234,
	Author = {{{3GPP} {TS} 26.234}},
	Date-Modified = {2011-05-08 12:53:33 +0300},
	Title = {{Transparent end-to-end Packet-switched Streaming Service (PSS); Protocols and codecs}},
	year=2007,
	Bdsk-Url-1 = {http://www.3gpp.org/ftp/Specs/html-info/26234.htm}}

@article{310669,
	Author = {Wenger, S.},
	Journal = {IEEE Transactions on Circuits and Systems for Video Technology},
	Keywords = {h264avc},
	Number = {7},
	Priority = {2},
	Title = {{H.264}/AVC over IP},
	Volume = {13},
	Year = {2003}}

@article{wenger_ott_jscc,
	Author = {Stephen Wenger and J\"{o}rg Ott},
	Journal = {submitted for review},
	Title = {A Joint Source/Channel Coding: Approach for low-delay video},
	Year = {2007}}

@misc{3gpp.26.902,
	Author = {{{3GPP} {TR} 26.902}},
	Days = 21,
	Month = Jan,
	Title = {{Video Codec Performance}},
	Year = 2008,
}


@misc{3gpp.25.322,
	Author = {{{3GPP} {TS} 25.322}},
	Date-Modified = {2011-05-08 12:53:33 +0300},
	Days = 23,
	Month = sep,
	Title = {{Radio Link Control (RLC) protocol spec}},
	Year = 2008,
	Bdsk-Url-1 = {http://www.3gpp.org/ftp/Specs/html-info/25322.htm}}

@misc{neilson_law,
	Author = {Jakob Nielsen},
	Date-Modified = {2011-05-08 12:53:33 +0300},
	Howpublished = {Fetched January 2010},
	Title = {{Nielsen's Law of Internet Bandwidth}},
	Bdsk-Url-1 = {http://www.useit.com/alertbox/980405.html}}

@misc{wiki-nielson,
	Author = {Wikipedia},
	Date-Modified = {2011-05-08 20:06:50 +0300},
	Howpublished = {Fetched January 2010},
	Title = {{Jakob Nielsen}},
	Bdsk-Url-1 = {http://en.wikipedia.org/wiki/Jakob_Nielsen_(usability_consultant)}}

@misc{wiki-moore,
	Author = {Wikipedia},
	Date-Modified = {2011-05-08 12:53:33 +0300},
	Howpublished = {Fetched January 2010},
	Title = {{Moore's Law}},
	Bdsk-Url-1 = {http://en.wikipedia.org/wiki/Moore's_law}}

@misc{web-youtube,
	Author = {{Youtube}},
	Date-Modified = {2011-05-08 12:53:33 +0300},
	Howpublished = {Fetched January 2010},
	Bdsk-Url-1 = {http://www.youtube.com}}

@misc{web-hulu,
	Author = {{Hulu}},
	Date-Modified = {2011-05-08 12:53:33 +0300},
	Howpublished = {Fetched January 2010},
	Bdsk-Url-1 = {http://www.hulu.com}}

@misc{web-skype,
	Author = {{Skype}},
	Date-Modified = {2011-05-08 12:53:33 +0300},
	Howpublished = {Fetched January 2010},
	Bdsk-Url-1 = {http://www.skype.com}}

@misc{3g-skype-nok-n9,
	Author = {{Peter Parkes}},
	Date-Modified = {2011-05-08 12:53:33 +0300},
	Howpublished = {Fetched March 2010},
	Title = {{Say hello to Skype for Maemo (N900)}},
	Bdsk-Url-1 = {http://blogs.skype.com/en/2009/11/video_demo_skype_for_nokia_n90.html}}

@misc{3g-skype-nok-s3,
	Author = {{Peter Parkes}},
	Date-Modified = {2011-05-08 12:53:33 +0300},
	Howpublished = {Fetched March 2010},
	Title = {{Say hello to Skype for Symbian}},
	Bdsk-Url-1 = {http://blogs.skype.com/en/2010/03/symbian.html}}

@misc{3g-skype-aapl,
	Author = {{Peter Parkes}},
	Date-Modified = {2011-05-08 12:53:33 +0300},
	Howpublished = {Fetched August 2010},
	Title = {{iPhone update: now supports multitasking, no additional charges for calling over 3G}},
	Bdsk-Url-1 = {http://blogs.skype.com/en/2010/07/iphone_multitasking_3g.html}}

@misc{3g-skype-goog,
	Author = {{Peter Parkes}},
	Date-Modified = {2011-05-08 12:53:33 +0300},
	Howpublished = {Fetched October 2010},
	Title = {{Skype now available for Android phones}},
	Bdsk-Url-1 = {http://blogs.skype.com/en/2010/10/android.html}}

@misc{web-comscore-sept10,
	Author = {comScore: Andres Palmiter},
	Date-Modified = {2011-05-08 12:53:33 +0300},
	Howpublished = {Fetched September 2010},
	Title = {{Live Streaming Video Jumps 600\% in Past Year}},
	Bdsk-Url-1 = {http://blog.comscore.com/2010/09/live_streaming_video_jumps.html}}

@misc{web-comscore-nov09,
	Author = {comScore},
	Date-Modified = {2011-05-08 12:53:33 +0300},
	Howpublished = {Fetched January 2010},
	Title = {{November Sees Number of U.S. Videos Viewed Online Surpass 30 Billion for First Time on Record}},
	Bdsk-Url-1 = {http://comscore.com/Press_Events/Press_Releases/2010/1/November_Sees_Number_of_U.S._Videos_Viewed_Online_Surpass_30_Billion_for_First_Time_on_Record}}

@misc{web-comscore,
	Author = {{comScore}},
	Date-Modified = {2011-05-08 12:53:33 +0300},
	Howpublished = {Fetched January 2010},
	Bdsk-Url-1 = {http://www.comscore.com}}

@misc{wiki-sip-list,
	Author = {{Wikipedia}},
	Date-Modified = {2011-05-08 12:53:33 +0300},
	Howpublished = {Fetched January 2010},
	Title = {{List of {SIP} Software}},
	Bdsk-Url-1 = {http://en.wikipedia.org/wiki/List_of_SIP_software}}

@misc{web-tivo,
	Author = {{TiVo}},
	Date-Modified = {2011-05-08 12:53:33 +0300},
	Howpublished = {Fetched January 2010},
	Bdsk-Url-1 = {http://www.tivo.com/whatistivo/tivois/index.html}}

@misc{web-hava,
	Author = {{Hava Player}},
	Date-Modified = {2011-05-08 12:53:33 +0300},
	Howpublished = {Fetched January 2010},
	Bdsk-Url-1 = {http://www.myhava.com/}}

@misc{web-slingbox,
	Author = {{SlingBox}},
	Date-Modified = {2011-05-08 12:53:33 +0300},
	Howpublished = {Fetched January 2010},
	Bdsk-Url-1 = {http://www.slingbox.com/}}

@misc{web-gizmo,
	Author = {{Gizmo Project}},
	Date-Modified = {2011-05-08 12:53:33 +0300},
	Howpublished = {Fetched January 2010},
	Bdsk-Url-1 = {http://www.google.com/gizmo5/}}

@misc{wiki-web,
	Author = {{Wikipedia}},
	Date-Modified = {2011-05-08 12:53:33 +0300},
	Howpublished = {Fetched January 2010},
	Title = {{Web browser}},
	Bdsk-Url-1 = {http://en.wikipedia.org/wiki/Web_browser}}

@misc{wiki-IM,
	Author = {{Wikipedia}},
	Date-Modified = {2011-05-08 12:53:33 +0300},
	Howpublished = {Fetched January 2010},
	Title = {{Instant Messaging (IM)}},
	Bdsk-Url-1 = {http://en.wikipedia.org/wiki/Instant_messaging}}

@misc{web-bittorent,
	Author = {{BitTorrent}},
	Date-Modified = {2011-05-08 12:53:33 +0300},
	Howpublished = {Fetched January 2010},
	Bdsk-Url-1 = {http://www.bittorrent.com/}}

@misc{web-itu-intro-3g,
	Author = {{International Telecommunication Union (ITU)}},
	Date-Modified = {2011-05-08 12:53:33 +0300},
	Howpublished = {Fetched January 2010},
	Title = {{Introduction to Mobile Cellular Technology}},
	Bdsk-Url-1 = {http://www.itu.int/osg/spu/imt-2000/technology.html}}

@misc{itu-t-adsl,
	Author = {{ITU-T G.992.1}},
	Date-Modified = {2011-05-08 12:53:33 +0300},
	Howpublished = {Fetched January 2010},
	Title = {{Asymmetric digital subscriber line (ADSL) transceivers}},
	Year = {{1999-2007}},
	Bdsk-Url-1 = {http://www.itu.int/rec/T-REC-G.992.1/en}}

@misc{itu-t-j247,
	Author = {{ITU-T J.247}},
	Date-Modified = {2011-05-08 12:53:33 +0300},
	Howpublished = {Fetched April 2010},
	Note = {Pre-published},
	Title = {{Objective perceptual multimedia video quality measurement in the presence of a full reference}},
	Year = {{1999-2008}},
	Bdsk-Url-1 = {http://www.itu.int/rec/T-REC-J.247/en}}

@misc{matlab-psnr,
	Author = {{Mathworks}},
	Date-Modified = {2011-05-08 12:53:33 +0300},
	Howpublished = {Fetched April 2010},
	Title = {{Simulink: PSNR Calculation}},
	Year = {{1982-2010-}},
	Bdsk-Url-1 = {http://www.mathworks.com/access/helpdesk/help/toolbox/vipblks/ref/psnr.html}}

@misc{wiki-video,
	Author = {{Wikipedia}},
	Date-Modified = {2011-05-08 12:53:33 +0300},
	Howpublished = {Fetched May 2010},
	Title = {{Video}},
	Bdsk-Url-1 = {http://en.wikipedia.org/wiki/Video}}

@misc{web-theora,
	Author = {{Theora}},
	Date-Modified = {2011-05-08 12:53:33 +0300},
	Howpublished = {Fetched September 2010},
	Bdsk-Url-1 = {http://www.theora.org/}}

@misc{web-webm,
	Author = {{WebM}},
	Date-Modified = {2011-05-08 12:53:33 +0300},
	Howpublished = {Fetched September 2010},
	Bdsk-Url-1 = {http://www.webmproject.org/}}

@misc{web-encoding-com,
	Author = {{Encoding.com}},
	Date-Modified = {2011-05-08 12:53:33 +0300},
	Howpublished = {Fetched May 2010},
	Bdsk-Url-1 = {http://encoding.com}}

@misc{web-justin-tv,
	Author = {{Justin.tv}},
	Date-Modified = {2011-05-08 12:53:33 +0300},
	Howpublished = {Fetched September 2010'},
	Bdsk-Url-1 = {http://encoding.com}}

@misc{web-livestream-com,
	Author = {{Livestream}},
	Date-Modified = {2011-05-08 12:53:33 +0300},
	Howpublished = {Fetched September 2010'},
	Bdsk-Url-1 = {http://www.livestream.com/}}

@misc{web-ustream-tv,
	Author = {{Ustream}},
	Date-Modified = {2011-05-08 12:53:33 +0300},
	Howpublished = {Fetched September 2010'},
	Bdsk-Url-1 = {http://www.ustream.tv/}}

@misc{web-qik-com,
	Author = {{Qik}},
	Date-Modified = {2011-05-08 12:53:33 +0300},
	Howpublished = {Fetched September 2010},
	Bdsk-Url-1 = {http://qik.com}}

@misc{web-tc-h264,
	Author = {{Techcrunch}},
	Date-Modified = {2011-05-08 12:53:33 +0300},
	Howpublished = {Fetched May 2010},
	Title = {{H.264 Already Makes Up 66 Percent Of Web Videos}},
	Bdsk-Url-1 = {http://techcrunch.com/2010/05/01/h-264-66-percent-web-video/}}

@misc{web-apple-ft,
	Author = {{Apple}},
	Date-Modified = {2011-05-08 12:53:33 +0300},
	Howpublished = {Fetched September 2010},
	Title = {{FaceTime: Video Communication}},
	Bdsk-Url-1 = {http://www.apple.com/iphone/features/facetime.html}}

@misc{web-cisco-umi,
	Author = {{Cisco}},
	Date-Modified = {2011-05-08 12:53:33 +0300},
	Howpublished = {Fetched October 2010},
	Title = {{\={u}mi Telepresence}},
	Bdsk-Url-1 = {http://umi.cisco.com/}}

@misc{wiki-tplay,
	Author = {{Wikipedia}},
	Date-Modified = {2011-05-08 12:53:33 +0300},
	Howpublished = {Fetched January 2010},
	Title = {{Triple Play}},
	Bdsk-Url-1 = {http://en.wikipedia.org/wiki/Triple_play_(telecommunications)}}

@misc{tr-ac-glomobrep10,
	Author = {{Allot MobileTrends}},
	Date-Modified = {2011-05-08 12:53:33 +0300},
	Institution = {Allot Communications},
	Month = july,
	Title = {{Global Mobile Broadband Traffic Report}},
	Year = 2010,
}

@misc{tr-ac-glomobrep11,
  author={{Allot MobileTrends}},
  title={{Global Mobile Broadband Traffic Report}},
  month="07",
  year = 2011,
}
%url = "{http://www.allot.com/index.aspx?id=3797&itemID=65415}"


@misc{html5-spec,
	Author = {Ian Hickson, David Hyatt},
	Days = 4,
	Institution = {W3C},
	Month = september,
	Title = {{HTML5: A vocabulary and associated APIs for HTML and XHTML}},
	Type = {Working Draft},
	Year = 2010,
	howpublished = {http://www.w3.org/TR/html5/}}

@book{book-1564553,
	Author = {Hanzo, Lajos and Cherriman, Peter and Streit, Jurgen},
	Isbn = {0470518499, 9780470518496},
	Publisher = {Wiley-IEEE Press},
	Title = {{Video Compression and Communications: From Basics to H.261, H.263, H.264, MPEG4 for DVB and HSDPA-Style Adaptive Turbo-Transceivers}},
	Year = {2007}}

@misc{web-adobeflash,
	Author = {{Adobe}},
	Note = {Fetched May 2010},
	Title = {{Flash player}},
	howpublished = {http://www.adobe.com/products/flashplayer/}
}

@misc{web-fcc,
	Author = {{FCC}},
	Date-Modified = {2011-05-08 12:53:33 +0300},
	Howpublished = {Fetched January 2010},
	Title = {{IP-Enabled Services: Voice over IP (VoIP)}},
	Bdsk-Url-1 = {http://www.fcc.gov/voip/}}

@book{book-526506,
	Author = {Jack, Keith},
	Isbn = {187870723X},
	Publisher = {L L H Technology Publishing},
	Title = {Video Demystified: A Handbook for the Digital Engineer},
	Year = {1995}}


@misc{Li02asaliency,
	Author = {Zhaoping Li},
	Title = {A Saliency Map in Primary Visual Cortex},
	Year = {2002}}

@misc{rtp.faq.jitter,
	Author = {{Henning Schulzrinne}},
	Date-Modified = {2011-05-08 12:53:33 +0300},
	Howpublished = {Fetched November 2010},
	Title = {{Some Frequently Asked Questions about RTP: How is the jitter computed?}},
	Bdsk-Url-1 = {http://www.cs.columbia.edu/~hgs/rtp/faq.html#jitter}}

@article{Ong:2006p3066,
	Author = {EP Ong and X Yang and W Lin and Z Lu and S Yao and X Lin and S Rahardja and BC Seng},
	Journal = {Journal of Visual Communication and Image Representation},
	Number = {4},
	Title = {Perceptual quality and objective quality measurements of compressed videos},
	Volume = {17},
	Year = {2006}}

@inproceedings{1364576,
	Author = {Mahrenholz, D. and Ivanov, S.},
	Booktitle = {Distributed Simulation and Real-Time Applications, 2004. DS-RT 2004. Eighth IEEE International Symposium on},
	Date-Modified = {2011-05-08 12:53:33 +0300},
	Issn = {1550-6525},
	Title = {Real-Time Network Emulation with ns-2},
	Year = {2004},
	Bdsk-Url-1 = {http://dx.doi.org/10.1109/DS-RT.2004.34}}

@article{DeCicco:2010p4081,
	Author = {Luca De Cicco and Saverio Mascolo},
	Date-Modified = {2011-05-08 12:53:34 +0300},
	Journal = {HCI in Work and Learning},
	Month = {Jan},
	Title = {{An Experimental Investigation of the Akamai Adaptive Video Streaming}},
	Year = {2010},
}

@inproceedings{Yao:2010p64,
	Author = {J Yao and S Kanhere and M Hassan},
	Date-Modified = {2011-05-08 12:53:34 +0300},
	Booktitle = {Proc. of IEEE WCNC},
	Title = {Quality Improvement of Mobile Video Using Geo-Intelligent Rate Adaptation},
	year={2010}

}

@inproceedings{Akhshabi:2011p4085,
	Author = {S. Akhshabi, A. Begen, C. Dovrolis},
	Date-Modified = {2011-05-08 12:53:34 +0300},
	Booktitle = {Proc. of ACM MMSys},
	Month = {Jan},
	Title = {{An Experimental Evaluation of Rate-Adaptation Algorithms in Adaptive Streaming over HTTP}},
	Year = {2011},
}

@inproceedings{Yao:2009p57,
	Author = {J Yao and SS Kanhere and M Hassan},
	Title = {{Geo-intelligent Traffic Scheduling For Multi-Homed On-Board Networks}},
	Booktitle = {Proc. of ACM MobiArch},
	Location = {Krakow, Poland},
	Year = {2009}}

@inproceedings{Yao:2008p21,
	Author = {J Yao and SS Kanhere and M Hassan},
	Booktitle = {Proc. of ACM WiNTECH},
	Title = {{An empirical study of bandwidth predictability in mobile computing}},
	Year = {2008}}

@inproceedings{Kuschnig:2010p576,
	Author = {R Kuschnig and I Kofler and H Hellwagner},
	Booktitle = {Proc. of ACM MMSys},
	Title = {{An Evaluation of TCP-based Rate-Control Algorithms for Adaptive Internet Streaming of {H.264}/{SVC}}},
	Year = {2010}}

@inproceedings{Aravinda:2008p14,
	Author = {P Aravinda and K Acharya and A Sharma and EM Belding and KC Almeroth and K Papagiannaki},
	Booktitle = {Proc. of IEEE SECON},
	Title = {{Congestion-Aware Rate Adaptation in Wireless Networks: A Measurement-Driven Approach}},
	Year = {2008}}

@article{Carbone:2010p3502,
	Author = {M Carbone and L Rizzo},
	Date-Modified = {2011-05-08 12:53:34 +0300},
	Journal = {ACM SIGCOMM CCR},
	Month = {Jan},
	Title = {{Dummynet revisited}},
	Year = {2010},
	Bdsk-Url-1 = {http://portal.acm.org/citation.cfm?id=1764876}}

@techreport{relax-fairness,
	Author = {Bob Briscoe},
	Institution = {IETF},
	Month = jul,
	Note = {(Work in progress)},
	Title = {{Problem Statement: {T}ransport Protocols Don't Have To Do Fairness}},
	Type = {Internet Draft},
	Year = 2008}

@techreport{varun-glass,
	Author = {Varun Singh and Joerg Ott and Igor Curcio},
	Institution = {TKK/NRC},
	Month = dec,
	Title = {{GLASS}: {G}eo-{L}ocation {A}ssisted {S}treaming {S}ervice},
	Type = {Technical Report},
	Year = 2009}

@article{Begen:2010hg,
	Author = {Begen, A and Perkins, C and Ott, J},
	Journal = {IEEE Network},
	Number = {2},
	Title = {{On the use of RTP for monitoring and fault isolation in IPTV}},
	Volume = {24},
	Year = {2010}}

@inproceedings{Curcio:glass,
	Author = {Curcio, Igor and Vadakital, Vinod and Hannuksela, Miska},
	Booktitle = {Proc. of Mobile video delivery},
	Month = {oct},
	Title = {{Geo-predictive Real-time Media Delivery in Mobile Environment}},
	Year = {2010}}

@inproceedings{Banerjee04scalableresilient,
	Author = {Suman Banerjee and Seungjoon Lee and Ryan Braud and Bobby Bhattacharjee and Aravind Srinivasan},
	Booktitle = {Proc. of ACM NOSSDAV},
	Title = {{Scalable Resilient Media Streaming}},
	Year = {2004}}


@article{Briscoe06g:Rate_fair_Dis,
	Author = {Bob Briscoe},
	Journal = {ACM SIGCOMM CCR},
	Month = apr,
	Number = 2,
	Title = {Flow Rate Fairness: {D}ismantling a Religion},
	Volume = 37,
	Year = 2007}

@inproceedings{Banerjee03constructionof,
	Author = {Suman Banerjee and Christopher Kommareddy and Koushik Kar and Bobby Bhattacharjee and Samir Khuller},
	Booktitle = {INFOCOM '03},
	Title = {Construction of an efficient overlay multicast infrastructure for real-time applications}}


@misc{VS:RateMixed,
	Author = {Varun Singh and Joerg Ott and Igor Curcio},
	Booktitle = {Full Thesis},
	Date-Modified = {2011-05-08 12:53:34 +0300},
	Month = 4,
	Title = {Rate-control for Conversational {H.264} Video Communication in Heterogeneous Networks},
	Year = 2011,
	Bdsk-Url-1 = {http://lib.tkk.fi/Dipl/2010/urn100391.pdf}}

@inproceedings{VS:Rate,
	Address = {Brazil},
	Author = {Varun Singh and Joerg Ott and Igor Curcio},
	Booktitle = {Proc. of INFOCOM Workshop on MoViD},
	Title = {Rate adaptation for conversational {3G} Video},
	Year = 2009}

@inproceedings{nadu.1530486,
	Author = {Curcio, I.D.D. and Leon, D.},
	booktitle = {Proc. of IEEE ICIP},
	year="2005",
	Location = {Genova, Italy},
	Title = {{Evolution of 3GPP streaming for improving {QoS} over mobile networks}},
	}

@misc{h264,
	Author = {{{ITU-T} Rec. {H.264}}},
	Title = {Advanced video coding for generic audiovisual services}}


@article{er.eval,
	Address = {Los Alamitos, CA, USA},
	Author = {Jegadish Devadoss and Varun Singh and J Ott and Chenghao Liu and Ye-Kui Wang and Igor Curcio},
	Journal = {IEEE International Symposium on Multimedia,},
	Location = {Berkeley, CA, U.S.A},
	Title = {Evaluation of Error Resilience Mechanisms for {3G} Conversational Video},
	Year = {2008},
	}

@misc{draft.mprtp,
	Author = {Varun Singh and Teemu Karkkainen and Joerg Ott and Saba Ahsan},
	Institution = {IETF},
	Type = {(Work in progress)},
	Title = {{Multipath RTP (MPRTP)}},
	Note = {IETF Draft, draft-singh-avtcore-mprtp},
	Year = 2012}

@misc{draft.discard.packets,
	Author = {J\"org Ott and Igor Curcio and Varun Singh},
	Institution = {IETF},
	Type = {(Work in progress)},
	Title = {{RTP Control Protocol (RTCP) Extended Reports (XR) for Run Length Encoding (RLE) of Discarded Packets}},
	Note = {IETF Draft, draft-ietf-xrblock-rtcp-xr-discard-rle-metrics},
	Year = 2011}
	
@misc{draft.rtp.tfrc,
	Author = {Ladan Gharai and Colin Perkins},
	Institution = {IETF},
	Month = {March},
	Note = {(Work in progress)},
	Title = {{RTP with TCP Friendly Rate Control}},
	Type = {IETF Draft},
	Year = 2011}

@inproceedings{4397059,
	Author = {Harinath Garudadri and Hyukjune Chung and Naveen Srinivasamurthy and Phoom Sagetong},
	Booktitle = {Proc. of Packet Video},
	Title = {Rate adaptation for video telephony in {3G} networks},
	year= 2007,
	}

@misc{ns2,
	Howpublished = {http://nsnam.isi.edu/nsnam},
	Title = {{Network Simulator (ns2)}}}

@misc{netem,
	Author = {Stephen Hemminger},
	Howpublished = {LCA'05},
	Title = {{Network Emulation with NetEm}}}

@misc{dummynet,
	Howpublished = {http://info.iet.unipi.it/~luigi/dummynet/},
	Title = {{Dummynet}}}

@misc{postgis,
	Howpublished = {http://postgis.refractions.net/},
	Title = {{PostGRE for GIS}}}

@misc{dss,
	Howpublished = {http://dss.macosforge.org/},
	Title = {{Darwin Streaming Server}}}

@article{633035,
	Author = {Katabi,, Dina and Handley,, Mark and Rohrs,, Charlie},
	Issn = {0146-4833},
	Journal = {SIGCOMM CCR},
	Number = {4},
	Publisher = {ACM},
	Title = {Congestion control for high bandwidth-delay product networks},
	Volume = {32},
	Year = {2002},
	Bdsk-Url-1 = {http://doi.acm.org/10.1145/964725.633035}}

@misc{wang00review,
	Author = {Y. Wang and S. Wenger and J. Wen and A. Katsaggelos},
	Text = {IEEE Signal Processing Magazine, vol. 17, no. 4, July 2000},
	Title = {Review of Error Resilient Coding Techniques for Real-Time Video Communications},
	Year = {2000}}


@book{Colin03,
	Author = {Perkins, Colin},
	Edition = {First},
	Isbn = {0-672-32249-8},
	Publisher = {Addison-Wesley Professional},
	Title = {{RTP: audio and video for the internet}},
	Year = {2003}}

@misc{Fober05,
	Author = {Dominique Fober and Yann Orlarey and St{\'e}phane Letz},
	Title = {Real Time Clock Skew Estimation over Network Delays},
	Year = {2005}}

@inproceedings{Park:2009:MMS:1529282.1529324,
	Acmid = {1529324},
	Address = {New York, NY, USA},
	Author = {Park, Hyelim and Kim, Myungchul and Lee, Sooyong and Kang, Sungwon and Kim, Yongho},
	Booktitle = {Proc.of the 2009 ACM symposium on Applied Computing},
	Doi = {http://doi.acm.org/10.1145/1529282.1529324},
	Isbn = {978-1-60558-166-8},
	Location = {Honolulu, Hawaii},
	Numpages = {5},
	Publisher = {ACM},
	Series = {SAC '09},
	Title = {A mobility management scheme using SCTP-SIP for real-time services across heterogeneous networks},
	Url = {http://doi.acm.org/10.1145/1529282.1529324},
	Year = {2009},
	Bdsk-Url-1 = {http://doi.acm.org/10.1145/1529282.1529324}}

@inproceedings{Liang01,
	Author = {Yi J. Liang and Eckehard G. Steinbach and Bernd Girod},
	Booktitle = {Proc. of MMSP},
	Title = {{Multi-Stream Voice over IP Using Packet Path Diversity}},
	Year = {2001}}
	
@inproceedings{Apostolo01,
	Author = {John Apostolopoulos},
	Booktitle = {Proc. of IEEE VCIP},
	Title = {{Reliable Video Communication over Lossy Packet Networks using Multiple State Encoding and Path Diversity}},
	Year = {2001}}

@article{Fiore:2007:CMC:1314718.1315019,
	Address = {Newton, MA, USA},
	Author = {Fiore, M. and Casetti, C. and Galante, G.},
	Issn = {0140-3664},
	Issue = {17},
	Journal = {Comput. Commun.},
	Month = {November},
	Numpages = {14},
	Publisher = {Butterworth-Heinemann},
	Title = {{Concurrent Multipath Communication for Real-Time Traffic}},
	Volume = {30},
	Year = {2007},
}

@inproceedings{sctpmulstr,
	Author = {M. Molteni and M. Villari},
	Booktitle = {Proc.of the BSDCon Europe},
	Title = {{Using SCTP with partial reliability for MPEG-4 multimedia streaming}},
	Year = {2002}}

@misc{Gstreamer,
	url = {http://gstreamer.freedesktop.org/},
	Title = {{Open Source Multimedia Framework}},
	author = {Gstreamer}
	}


@misc{draft.mptcp.multiadd,
	Author = {{Ford, A., Raiciu, C., and M. Handley}},
	Institution = {IETF},
	Note = {IETF Draft, draft-ietf-mptcp-multiaddressed},
	Title = {{TCP Extensions for Multipath Operation with Multiple Addresses}},
    Type = {(Work in progress)},
	Year = 2011}

@misc{draft.rtsp2,
	Author = {{Schulzrinne, H., Rao, A., Lanphier, R., Westerlund, M., and M. Stiemerling}},
	Title = {Real Time Streaming Protocol 2.0 (RTSP)},
	Institution = {IETF},
    Type = {(Work in progress)},
    Note = {IETF Draft, draft-ietf-mmusic-rfc2326bis}, 
    year={2011}
}

@article{Wischik:2008:RPP,
 author = {Wischik, Damon and Handley, Mark and Braun, Marcelo Bagnulo},
 title = {The Resource Pooling Principle},
 journal = {SIGCOMM CCR},
 volume = {38},
 issue = {5},
 month = {September},
 year = {2008},
 issn = {0146-4833},
 numpages = {6},
 publisher = {ACM},
 address = {New York, NY, USA},
}

@inproceedings{Stewart:2011tz,
author = {Stewart, L and Hayes, D and Armitage, G},
title = {{Multimedia-unfriendly TCP Congestion Control and Home Gateway Queue Management}},
booktitle = {Proc. of the MMSys},
year="2011"
}

@article{Cen:2003eo,
author = {Cen, Song and Cosman, P.C and Voelker, G.M},
title = {{End-To-End Differentiation of Congestion and Wireless Losses}},
journal = {IEEE/ACM TON},
year = {2003},
volume = {11},
number = {5},
}

@article{Fall:1996wj,
author = {Fall, K and Floyd, S},
title = {{Simulation-Based Comparisons of Tahoe, Reno and Sack Tcp}},
journal = {ACM SIGCOMM CCR},
year = {1996},
month = jan
}

@article{Sathiaseelan:2007jq,
author = {Sathiaseelan, A and Fairhurst, G},
title = {{Multimedia Congestion Control for Broadband Wireless Networks}},
journal = {Mobile and Wireless Communications Summit, 2007},
}

@INPROCEEDINGS{Gharai:2002wt, 
author={Gharai, L. and Perkins, C.}, 
booktitle={Proc. of ICME}, 
title={Implementing Congestion Control in the Real World}, 
year={2002}, 
month={}, 
volume={1}, 
number={}, 
}

@inproceedings{VladBalan:2007dq,
author = {Vlad Balan, H and Eggert, L and Niccolini, S and Brunner, M},
title = {{An Experimental Evaluation of Voice Quality Over the Datagram Congestion Control Protocol}},
booktitle = {Proc. of IEEE INFOCOM},
year = {2007},
}

@inproceedings{wischik:2011nsdi,
  title={{Design, Implementation and Evaluation of Congestion Control for Multipath TCP}},
  author={Wischik, D. and Raiciu, C. and Greenhalgh, A. and Handley, M.},
  booktitle={Proc. USENIX NSDI},
  year={2011}
}

@article{de2006paths,
  title={The paths towards IPv6 multihoming},
  author={de Launois, C. and Bagnulo, M.},
  journal={IEEE Communications Surveys and Tutorials},
  volume={8},
  number={2},
  year={2006},
  publisher={Citeseer}
}

@inproceedings{fiore2005adaptive,
  title={An adaptive transport protocol for balanced multihoming of real-time traffic},
  author={Fiore, M. and Casetti, C.},
  booktitle={Proc. of IEEE GLOBECOM},
  year={2005},
}

@article{Key:2011dd,
author = {Key, Peter and Massouli{\'e}, Laurent and Towsley, Don},
title = {{Path selection and multipath congestion control}},
journal = {Communications of the ACM},
year = {2011},
volume = {54},
number = {1},
month = jan
}

@inproceedings{tcp-real-time,
  author =	 {Eli Brosh and Salman Abdul Baset and Dan Rubenstein and Henning Schulzrinne},
  title = 	 {{The Delay-Friendliness of TCP}},
  year = 	 {2008},
  booktitle =    {Proc. of ACM SIGMETRICS}
}

@Misc{mptcp-routing,
  author =       {Mark Handley and Costin Raiciu and Marcelo Bagnulo},
  title = {{Outgoing Packet Routing with MPTCP}},
  Institution = {IETF},
  Type = {(Work in progress)},
  Note = {{IETF Draft, draft-handley-mptcp-routing}},
  year =         {2009}
}

@article{veeron:2004:rate-control,
	Author = {{Vi\'eron}, J. and Guillemot, C.},
	Journal = {{IEEE} Transactions on Multimedia},
	Month = {August},
	Number = {4},
	Title = {Real-Time Constrained {TCP}-Compatible Rate Control for Video Over the {Internet}},
	Volume = {6},
	Year = {2004}}


@inproceedings{licandro:2002:rq-mpeg,
	Author = {Licandro, F. and Schembra, G.},
	Booktitle = {Proc. of IEEE Packet Video},
	Title = {A Rate/Quality Controlled {MPEG} Video Transmission System in a {TCP}-Friendly {Internet} Scenario},
	Year = {2002}
	}

@inproceedings{Choi:2007:FTFRC,
 author = {Choi, Soo Hyun and Handley, Mark},
 title = {{Fairer TCP-friendly congestion control protocol for multimedia streaming applications}},
 booktitle = {Proc. of ACM CoNEXT},
 year="2007"
} 

@inproceedings{choi2009designing,
  title={{Designing TCP-Friendly Window-based Congestion Control for Real-time Multimedia Applications}},
  author={Choi, S.H. and Handley, M.},
  Booktitle={Proc. of PFLDNeT},
  year={2009}
}

@Misc{cisco:2010:video,
  author =       {Cisco},
  title =       {{Entering the Zettabyte Era}},
  howpublished = {Whitepaper},
  month =        {June},
  year =         {2011}
}

@inproceedings{Akhshabi:2011:http,
 author = {Akhshabi, Saamer and Begen, Ali C. and Dovrolis, Constantine},
 title = {{An experimental evaluation of rate-adaptation algorithms in adaptive streaming over HTTP}},
 booktitle = {Proc. of MMSys},
 year = {2011},
 location = {San Jose, CA, USA},
}


@article{valera201112,
  title={Multi-path BGP: motivations and solutions},
  author={Valera, F. and van Beijnum, I. and Garc{\i}a-Mart{\i}nez, A. and Bagnulo, M.},
  journal={NGI: Architectures and Protocols},
  year={2011},
  publisher={Cambridge Univ Pr}
}

@article{kelly2005stability,
  title={Stability of end-to-end algorithms for joint routing and rate control},
  author={Kelly, F. and Voice, T.},
  journal={ACM SIGCOMM CCR},
  year={2005},
}


@article{hsieh2005transport,
  title={A transport layer approach for achieving aggregate bandwidths on multi-homed mobile hosts},
  author={Hsieh, H.Y. and Sivakumar, R.},
  journal={Wireless Networks},
  volume={11},
  number={1},
  year={2005},
  publisher={Springer}
}

@inproceedings{zhang2004transport,
  title={A transport layer approach for improving end-to-end performance and robustness using redundant paths},
  author={Zhang, M. and Lai, J. and Krishnamurthy, A. and Peterson, L. and Wang, R.},
  booktitle={Proc. of USENIX ATC},
  year={2004},
}

@inproceedings{magalhaes2001transport,
  title={Transport level mechanisms for bandwidth aggregation on mobile hosts},
  author={Magalhaes, L. and Kravets, R.},
  booktitle={Proc. of IEEE ICNP},
  year={2001},
}

@inproceedings{key2007path,
  title={Path selection and multipath congestion},
  author={Key, P. and Massouli{\'e}, L. and Towsley, PD},
  booktitle={Proc. of IEEE INFOCOM},
  year={07},
}

@inproceedings{dong2007multi,
  title={Multipath load balancing in transport layer},
  author={Dong, Y. and Wang, D. and Pissinou, N. and Wang, J.},
  booktitle={Proc. of IEEE EuroNGI},
  year={07}
}


@INPROCEEDINGS{6012045, 
author={Riiser, Haakon and Vigmostad, Paul and Griwodz, Carsten and Halvorsen, Pal}, 
booktitle={Proc. of ICME}, 
title={Bitrate and video quality planning for mobile streaming scenarios using a GPS-based bandwidth lookup service}, 
year={2011}, 
month={july}, 
volume={}, 
number={}, 
keywords={}, 
doi={10.1109/ICME.2011.6012045}, 
ISSN={1945-7871},}

@INPROCEEDINGS{1630563, 
author={ Kutscher, D. and Ott, J.}, 
booktitle={Proc. of MDM.}, 
title={{Service Maps for Heterogeneous Network Environments}}, 
year={2006}, 
month={May}, 
volume={}, 
number={}, 
keywords={}, 
doi={10.1109/MDM.2006.143}, 
ISSN={1551-6245},}

@INPROCEEDINGS{752152, 
author={Rejaie, R. and Handley, M. and Estrin, D.}, 
booktitle={Proc. of INFOCOM}, 
title={{RAP: An end-to-end rate-based congestion control mechanism for realtime streams in the Internet}}, 
year={1999}, 
month={mar}, 
}

@inproceedings{cen1998flow,
  title={Flow and congestion control for internet media streaming applications},
  author={Cen, S. and Pu, C. and Walpole, J.},
  booktitle={Proc. of Multimedia Computing and Networking},
  year={1998},
}

@article{kanakia1993adaptive,
  title={An adaptive congestion control scheme for real-time packet video transport},
  author={Kanakia, H. and Mishra, P.P. and Reibman, A.},
  journal={ACM SIGCOMM CCR},
  volume={23},
  number={4},
  year={1993},
  organization={ACM}
}

@inproceedings{diaz2007evaluating,
  title={Evaluating video streaming over GPRS/UMTS networks: A practical case},
  author={Diaz, A. and Merino, P. and Panizo, L. and Recio, A.M.},
  booktitle={Proc. of IEEE VTC},
  year={2007}
}


@article{schierl2010priority,
  title={Priority-based Media Delivery using SVC with RTP and HTTP streaming},
  author={Schierl, T. and Sanchez de la Fuente, Y. and Globisch, R. and Hellge, C. and Wiegand, T.},
  journal={Multimedia Tools and Applications},
  year={2010},
  publisher={Springer}
}

@inproceedings{krasic2003quality,
  title={Quality-adaptive media streaming by priority drop},
  author={Krasic, C. and Walpole, J. and Feng, W.},
  booktitle={Proc. of ACM NOSSDAV},
  year={2003},
}

@inproceedings{shankar2008cars,
  title={Cars: Context-aware rate selection for vehicular networks},
  author={Shankar, P. and Nadeem, T. and Rosca, J. and Iftode, L.},
  booktitle={Proc. of IEEE ICNP.},
  year={2008},
}

@ARTICLE{4130370:jurca, 
author={Jurca, D. and Frossard, P.}, 
journal={IEEE Transactions on Multimedia}, 
title={Video Packet Selection and Scheduling for Multipath Streaming}, 
year={2007}, 
month={april}, 
}

@INPROCEEDINGS{5336387, 
author={Gurtov, A. and Polishchuk, T.}, 
booktitle={Proc. of BROADNETS}, 
title={Secure multipath transport for legacy Internet applications}, 
year={2009}, 
month={sept.}, 
volume={}, 
number={}, 
doi={10.4108/ICST.BROADNETS2009.7186}, 
ISSN={},}

@misc{codec_x264,
  title={x264-a free {H.264/AVC} encoder},
  author={Aimar, L. and Merritt, L. and Petit, E. and Chen, M. and Clay, J. and Rullgrd, M. and Heine, C. and Izvorski, A.},
  journal={Online: http://www.videolan.org/developers/x264.html}
}

@misc{amusys,
	Author = {Marcin Nagy, Saba Ahsan and Varun Singh},
	Title = {{Adaptive Multimedia System (amusys)}},
}


@misc{sharmistha-thesis,
    Author={{Sharmistha Chaterjee}},
    title={CrowdSourcing mobile internet access statistics to improve video streaming},
    Howpublished = {MSc Thesis, Aalto University},   
 	Month = 1,
	Year = 2011,
}


@inproceedings{Kanungo:2002:LSA:513400.513402,
 author = {Kanungo, Tapas and Mount, David M. and Netanyahu, Nathan S. and Piatko, Christine D. and Silverman, Ruth and Wu, Angela Y.},
 title = {{A local search approximation algorithm for K-means clustering}},
 booktitle = {Proc. of SCG},
 year = {2002},
 isbn = {1-58113-504-1},
 location = {Barcelona, Spain},
 }

 @inproceedings{Iwerks:2003:CKN:1315451.1315496,
  author = {Iwerks, Glenn S. and Samet, Hanan and Smith, Ken},
  title = {{Continuous K-nearest neighbor queries for continuously moving points with updates}},
  booktitle = {Proc. of VLDB},
  year = {2003},
  location = {Berlin, Germany},
  }

@misc{api-youtube,
	Author = {{Google Code}},
	title = {YouTube Data API},
	url={http://code.google.com/apis/youtube/2.0/reference.html}}

@misc{api-gmaps,
	Author = {{Google Code}},
	title = {Google Maps API},
	url={http://code.google.com/apis/maps/documentation/webservices/index.html}}



@misc{3gpp.26.346,
	Author = {{{3GPP} {TS} 26.346}},
	Title = {{Multimedia Broadcast/Multicast Service (MBMS); Protocols and codecs}},
}

@INPROCEEDINGS{Zink03subjectiveimpression,
    author = {Michael Zink and Oliver Kuenzel and Jens Schmitt and Ralf Steinmetz},
    title = {Subjective Impression of Variations in Layer Encoded Videos},
    booktitle = {Proc. of IWQoS},
    year = {2003},
}

@misc{3gpp.23.107,
	Author = {{{3GPP} {TS} 23.107}},
	Title = {{Quality of Service (QoS) concept and architecture}},
}

@misc{googleRC,
	Author = {H. Alvestrand and S. Holmer and H. Lundin},
	Institution = {IETF},
	Type = {(Work in progress)},
	Title = {{A Google Congestion Control Algorithm for RTCWEB}},
	Note = {IETF Draft, draft-alvestrand-rtcweb-congestion},
	Year = 2011}

@misc{draft.rtp.cb,
	Author = {C. Perkins and V. Singh},
	Institution = {IETF},
	Type = {(Work in progress)},
	Title = {{RTP Congestion Control: Circuit Breakers for Unicast Sessions}},
	Note = {IETF Draft, draft-ietf-avtcore-rtp-circuit-breakers},
	Year = 2012}

@INPROCEEDINGS{1498479, 
author={Chesterfield, J. and Chakravorty, R. and Pratt, I. and Banerjee, S. and Rodriguez, P.}, 
booktitle={Proc. of IEEE INFOCOM}, 
title={Exploiting diversity to enhance multimedia streaming over cellular links}, 
year={2005}, 
}

@ARTICLE{1599407, 
author={Chebrolu, K. and Rao, R.R.}, 
journal={IEEE Transactions on Mobile Computing}, 
title={Bandwidth aggregation for real-time applications in heterogeneous wireless networks}, 
year={2006}, 
month={april}, 
volume={5}, 
number={4}, 
ISSN={1536-1233},}

@INPROCEEDINGS{1313320, 
author={Chebrolu, K. and Rao, R.R.}, 
booktitle={Proc. of IEEE ICC}, 
title={Selective frame discard for interactive video}, 
year={2004}, 
month={june}, 
volume={7}, 
number={}, 
doi={10.1109/ICC.2004.1313320}, 
ISSN={},}



@INPROCEEDINGS{VS:HetRate, 
author={Singh, V. and Ott, J. and Curcio, I.D.D.}, 
booktitle={Proc. of IEEE WoWMoM}, 
title={{Rate-control for Conversational Video Communication in Heterogeneous Networks}}, 
year={2012}, 
month={Jun}, 
volume={}, 
number={}, 
}


@INPROCEEDINGS{1577632, 
author={Hasegawa, Y. and Yamaguchi, I. and Hama, T. and Shimonishi, H. and Murase, T.}, 
booktitle={Proc. of IEEE GLOBECOM}, 
title={Improved data distribution for multipath TCP communication}, 
year={2005}, 
month={Dec}, 
}

@misc{draft.mprtp.sdp,
  title={{Multipath RTP (MPRTP) attribute in Session Description Protocol}},
  author={Singh, V. and Ott, J. and Karkkainen, T. and Globisch, R. and Schierl, T.},
  Institution = {IETF},
  Type = {(Work in progress)},
  Note = {IETF Draft, draft-singh-mmusic-mprtp-sdp-extension}, 
  year={2012}
}

@misc{draft.rc.evalate,
  title={Evaluating Congestion Control for Interactive Real-time Media.},
  author={Singh, V. and Ott, J.},
  Institution = {IETF},
  Type = {(Work in progress)},
  Note = {IETF Draft, draft-singh-rmcat-cc-eval}, 
  year={2012}
}


@INPROCEEDINGS{6263710, 
author={Singh, V. and Ott, J. and Curcio, I.D.D.}, 
booktitle={Proc. of IEEE WoWMoM}, 
title={{Predictive Buffering for Streaming Video in 3G Networks}}, 
year={2012}, 
month={Jun}, 
volume={}, 
number={}, 
}

@misc{draft.rtsp2.ice,
  title={{A NAT Traversal mechanism for media controlled by RTSP}},
  author={Goldberg, J. and Westerlund, M. and Zeng, T.},
  Institution = {IETF},
  Type = {(Work in progress)},
  Note = {IETF Draft, draft-ietf-mmusic-rtsp-nat}, 
  year={2012}
}

@misc{draft.homenet.arch,
  title={{Home Networking Architecture for IPv6}},
  author={Chown, T. (Ed.)},
  Institution = {IETF},
  Type = {(Work in progress)},
  Note = {IETF Draft, draft-ietf-homenet-arch}, 
  year={2012}
}

@misc{draft.fun.multi,
  title={{Exploring the multi-router SOHO network}},
  author={Baker, F.},
  Institution = {IETF},
  Type = {(Work in progress)},
  Note = {IETF Draft, draft-baker-fun-multi-router}, 
  year={2011}
}