@misc{ns2,
  key = "ns",
  title = "{The Network Simulator NS-2}",
  howpublished = "\url{http://www.isi.edu/nsnam/ns/}",
}

@misc{rrtcc,
    Author = {H. Alvestrand and S. Holmer and H. Lundin},
    Institution = {IETF},
    Type = {(Work in progress)},
    Title = {{A Google Congestion Control Algorithm for Real-Time Communication}},
    Note = {{IETF Internet Draft}},
    Year = {2013}
}

@misc{draft.rtp.cb,
	Author = {C. Perkins and V. Singh},
	Institution = {IETF},
	Type = {(Work in progress)},
	Title = {{Multimedia Congestion Control: Circuit Breakers for Unicast RTP Sessions}},
	Note = {{IETF Internet Draft}},
	Year = {2013}
}

@misc{draft.rmcat.evaluate,
  title={Evaluating Congestion Control for Interactive Real-time Media.},
  author={Singh, V. and Ott, J.},
  year={2013},
  Note = {{IETF Internet Draft}},
}

@inproceedings{control.loops.api,
  title={ Congestion Control for Interactive Media: Control Loops \& APIs},
  author={Singh, V. and Ott, J. and Perkins, C.},
  year={2012},
  booktitle={{IAB/IRTF Workshop on Congestion Control for Interactive Real-Time Communication}},
  location = {Vancouver, Canada},
  month={July}
}

@misc{draft.mprtp.sdp,
  title={{Multipath RTP (MPRTP) attribute in Session Description Protocol}},
  author={Singh, V. and Ott, J. and Karkkainen, T. and Globisch, R. and Schierl, T.},
  Institution = {IETF},
  Type = {(Work in progress)},
  Note = {IETF Draft}, 
  year={2013}
}

@misc{draft.mprtp,
	Author = {Varun Singh and Teemu Karkkainen and Joerg Ott and Saba Ahsan},
	Institution = {IETF},
	Type = {(Work in progress)},
	Title = {{Multipath RTP (MPRTP)}},
	Note = {IETF Draft},
	Year = {2013}
}

@inproceedings{globisch2011architecture,
  title={Architecture for asymmetric P2P group communication},
  author={Globisch, Ralf and Singh, Varun and Wiegand, Thomas and Schierl, Thomas},
  booktitle={Proceedings of the 5th International Conference on Principles, Systems and Applications of IP Telecommunications},
  pages={4},
  year={2011},
  organization={ACM}
}

@misc{draft.rtcp.overlay,
  title={RTP Control Protocol (RTCP) in Overlay Multicast},
  author={Ott, J{\"o}rg and Singh, Varun and Devadoss, Jegadish and Curcio, Igor},
  Institution = {IETF},
  Type = {(Work in progress)},
  Note = {IETF Draft}, 
  year={2013}
}

@misc{draft.xr.discard.rle,
  title={RTP Control Protocol (RTCP) Extended Reports (XR) for Run Length Encoding (RLE) of Discarded Packets},
  author={Ott, Joerg and Curcio, Igor and Singh, Varun},
  Institution = {IETF},
  Type = {(Work in progress)},
  Note = {IETF Draft}, 
  year={2013}
}

@misc{draft.xr.jb,
  title={RTP Control Protocol (RTCP) Extended Report (XR) Block for Jitter Buffer Metric Reporting},
  author={Wu, Wenson and Clark, Alan and Singh, Varun},
  Institution = {IETF},
  Type = {(Work in progress)},
  Note = {IETF Draft}, 
  year={2013}
}