Gett%% This BibTeX bibliography file was created using BibDesk.
%% http://bibdesk.sourceforge.net/


%% Created for Varun Singh at 2011-05-08 20:08:06 +0300 


%% Saved with string encoding Unicode (UTF-8) 

@ARTICLE{4317642, 
author={Wien, M. and Schwarz, H. and Oelbaum, T.}, 
journal={in Proc. of IEEE Transactions on Circuits and Systems for Video Technology}, 
title={Performance Analysis of SVC}, 
year={2007}, 
month={sept. }, 
volume={17}, 
number={9}, 
pages={1194 -1203}, 
keywords={264/AVC single layer coding;MPEG-4 ASP;MPEG-4 visual coding;bit stream extraction;encoder control;rate-distortion optimization;scalable video coding;rate distortion theory;video coding;}, 
doi={10.1109/TCSVT.2007.905530}, 
ISSN={1051-8215},}

@ARTICLE{5953578, 
author={Evans, J. and Begen, A.C. and Greengrass, J. and Filsfils, C.}, 
journal={in Proc. of IEEE Internet Computing}, 
title={Toward Lossless Video Transport}, 
year={2011}, 
month={nov.-dec. }, 
volume={15}, 
number={6}, 
pages={48 -57}, 
doi={10.1109/MIC.2011.101}, 
ISSN={1089-7801},}


@INPROCEEDINGS{871542, 
author={Qian Zhang and Wenwu Zhu and Ya-Qin Zhang}, 
booktitle={Proc. of ICME}, 
title={Network-adaptive rate control with TCP-friendly protocol for multiple video objects}, 
year={2000}, 
month={}, 
volume={}, 
number={}, 
ISSN={},}

@article {springerlink:10.1023/A:1022865704606,
   author = {Zhang, Qian and Zhu, Wenwu and Zhang, Ya-Qin},
   title = {Network-Adaptive Rate Control and Unequal Loss Protection with TCP-Friendly Protocol for Scalable Video Over Internet},
   journal = {in Proc. of The Journal of VLSI Signal Processing},
   publisher = {Springer Netherlands},
   issn = {0922-5773},
   keyword = {Engineering},
   pages = {67-81},
   volume = {34},
   issue = {1},
   year = {2003}
}

@article{Zhu:2001tu,
author = {Zhu, W and Zhang, Q},
title = {{Network-Adaptive Rate Control With Unequal Loss Protection For Scalable Video Over Internet}},
journal = {in Proc. of Circuits and Systems},
year = {2001}
}



@ARTICLE{664283, 
author={Yao Wang and Qin-Fan Zhu}, 
journal={in Proc. of the IEEE}, 
title={Error control and concealment for video communication: a review}, 
year={1998}, 
month={may}, 
volume={86}, 
number={5}, 
pages={974 -997}, 
doi={10.1109/5.664283}, 
ISSN={0018-9219},}


@article{damjanovic2009multfrc,
  title={Multfrc: providing weighted fairness for multimediaapplications (and others too!)},
  author={Damjanovic, D. and Welzl, M.},
  journal={ACM SIGCOMM Computer Communication Review},
  volume={39},
  number={3},
  pages={5--12},
  year={2009},
  publisher={ACM}
}

@mastersthesis{saurin:2006:thesis,
	Author = {Saurin, A.},
	Month = {December},
	School = {University of Glasgow},
	Title = {{Congestion Control for Video-conferencing Applications}},
	Type = {Master's Thesis},
	Year = {2006}}

@inproceedings{zhu2001network,
  title={Network-adaptive rate control with unequal loss protection for scalable video over Internet},
  author={Zhu, W. and Zhang, Q. and Zhang, Y.Q.},
  booktitle={Circuits and Systems, 2001. ISCAS 2001. The 2001 IEEE International Symposium on},
  volume={5},
  pages={109--112},
  year={2001},
  organization={IEEE}
}

@inproceedings{bolot1999adaptive,
  title={Adaptive FEC-based error control for Internet telephony},
  author={Bolot, J.C. and Fosse-Parisis, S. and Towsley, D.},
  booktitle={INFOCOM'99. Eighteenth Annual Joint Conference of the IEEE Computer and Communications Societies. Proceedings. IEEE},
  volume={3},
  pages={1453--1460},
  year={1999},
  organization={IEEE}
}

@ARTICLE{855913, 
author={Yao Wang and Wenger, S. and Jiantao Wen and Katsaggelos, A.K.}, 
journal={in Proc. of IEEE Signal Processing Magazine}, 
title={Error resilient video coding techniques}, 
year={2000}, 
month={jul}, 
volume={17}, 
number={4}, 
pages={61 -82}, 
ISSN={1053-5888},}


@INPROCEEDINGS{Zink03subjectiveimpression,
    author = {Michael Zink and Oliver K\"{u}nzel and Jens Schmitt and Ralf Steinmetz},
    title = {{Subjective Impression of Variations in Layer Encoded Videos}},
    booktitle = {Proc. of IWQoS},
    year = {2003},
}


@article{gettys:2012:bufferbloat,
	Author = {Gettys, J. and Nichols, K.},
	Journal = {in Proc. of Communications of the {ACM}},
	Month = {Jan},
	Pages = {57--65},
	Title = {Bufferbloat: dark buffers in the {Internet}},
	Volume = {55},
	Year = {2012}}
	
@misc{codec_src,
	Author = {Nokia},
	Title = {{Homepage of H.264 codec}},
	Url = {http://research.nokia.com/page/4988},}

@misc{YUV_seq,
	Author = {xiph.org},
	Title = {{YUV Sequences}},
	Url = {http://media.xiph.org/video/derf/},}


@misc{s4.eval.bitrate,
	Author = {{{3GPP R1-081955}}},
	Date-Modified = {2011-05-08 12:53:33 +0300},
	Days = 5,
	Month = may,
	Title = {{{LTE} Link Level Throughput Data for SA4 Evaluation Framework.}},
	Type = {Proposal},
	Year = 2008,
	Bdsk-Url-1 = {http://www.3gpp.net/ftp/tsg_ran/WG1_RL1/TSGR1_53/Docs/R1-081955.zip}}

@misc{s4.eval.fw,
	Author = {{{3GPP S4-080771}}},
	Date-Modified = {2011-05-08 12:53:33 +0300},
	Days = 5,
	Month = oct,
	Title = {{{MTSI} Video Dynamic Rate Adaptation: Evaluation Framework}},
	Type = {Proposal},
	Year = 2008,
	Bdsk-Url-1 = {http://www.3gpp.org/FTP/tsg_sa/WG4_CODEC/TSGS4_51/Docs/S4-080771.zip}}

@article{rohc-mm,
	Address = {Hingham, MA, USA},
	Author = {Fitzek, Frank H. and Rein, Stephan and Seeling, Patrick and Reisslein, Martin},
	Date-Modified = {2011-05-08 12:53:33 +0300},
	Issn = {0929-6212},
	Journal = {Wirel. Pers. Commun.},
	Number = {1},
	Pages = {23--41},
	Publisher = {Kluwer Academic Publishers},
	Title = {{RObust Header Compression (ROHC) Performance for Multimedia Transmission over 3G/4G Wireless Networks}},
	Volume = {32},
	Year = {2005},
	Bdsk-Url-1 = {http://dx.doi.org/10.1007/s11277-005-7733-2}}

@article{504642,
	Address = {Piscataway, NJ, USA},
	Author = {Floyd,, Sally and Paxson,, Vern},
	Date-Modified = {2011-05-08 12:53:33 +0300},
	Issn = {1063-6692},
	Journal = {IEEE/ACM TON},
	Number = {4},
	Pages = {392--403},
	Publisher = {IEEE Press},
	Title = {Difficulties in simulating the internet},
	Volume = {9},
	Year = {2001},
	Bdsk-Url-1 = {http://dx.doi.org/10.1109/90.944338}}

@article{Calvert97modelinginternet,
	Author = {Kenneth L. Calvert and Matthew B. Doar and Ascom Nexion and Ellen W. Zegura and Georgia Tech and Georgia Tech},
	Journal = {IEEE Communications Magazine},
	Pages = {160--163},
	Title = {Modeling Internet Topology},
	Volume = {35},
	Year = {1997}}

@article{1355745,
	Address = {New York, NY, USA},
	Author = {Haddadi,, Hamed and Uhlig,, Steve and Moore,, Andrew and Mortier,, Richard and Rio,, Miguel},
	Date-Modified = {2011-05-08 12:53:33 +0300},
	Issn = {0146-4833},
	Journal = {SIGCOMM CCR},
	Number = {2},
	Pages = {65--68},
	Publisher = {ACM},
	Title = {Modeling internet topology dynamics},
	Volume = {38},
	Year = {2008},
	Bdsk-Url-1 = {http://doi.acm.org/10.1145/1355734.1355745}}

@article{nadu.1070341,
	Author = {Curcio, I.D.D. and Leon, D.},
	Date-Modified = {2011-05-08 12:53:33 +0300},
	Journal = {Proc. of IEEE WOWMOM},
	Location = {Taormina/Giardini Naxos, Italy},
	Title = {Application rate adaptation for mobile streaming},
	Year = {2005},
	Bdsk-Url-1 = {http://dx.doi.org/10.1109/WOWMOM.2005.28}}

@article{tfrc_347397,
	Acmid = {347397},
	Address = {New York, NY, USA},
	Author = {Floyd, Sally and Handley, Mark and Padhye, Jitendra and Widmer, J\"{o}rg},
	Issn = {0146-4833},
	Issue = {4},
	Issue_Date = {October 2000},
	Journal = {in Proc. SIGCOMM CCR},
	Numpages = {14},
	Pages = {43--56},
	Publisher = {ACM},
	Title = {Equation-based congestion control for unicast applications},
	Volume = {30},
	Year = {2000},
	}

@misc{mtsi,
	Author = {{{3GPP TS 26.114}}},
	Date-Modified = {2011-05-08 12:53:33 +0300},
	Title = {{IP Multimedia Subsystem (IMS)}: Multimedia Telephony; Media handling and interaction},
	Bdsk-Url-1 = {http://www.3gpp.org/ftp/specs/html-info/26114.htm}}

@misc{3gppSim,
	Author = {{{3GPP S4-050560}}},
	Date-Modified = {2011-05-08 12:53:33 +0300},
	Days = 5,
	Month = sep,
	Title = {{Software Simulator for MBMS Streaming over UTRAN and GERAN}},
	Type = {Proposal},
	Year = 2005,
	Bdsk-Url-1 = {http://www.3gpp.org/FTP/tsg_sa/WG4_CODEC/TSGS4_36/Docs/S4-050560.zip}}

@misc{3gpp.26.234,
	Author = {{{3GPP} {TS} 26.234}},
	Date-Modified = {2011-05-08 12:53:33 +0300},
	Title = {{Transparent end-to-end Packet-switched Streaming Service (PSS); Protocols and codecs}},
	year=2007,
	Bdsk-Url-1 = {http://www.3gpp.org/ftp/Specs/html-info/26234.htm}}

@article{310669,
	Author = {Wenger, S.},
	Journal = {IEEE Transactions on Circuits and Systems for Video Technology},
	Keywords = {h264avc},
	Number = {7},
	Pages = {645--656},
	Priority = {2},
	Title = {{H.264}/AVC over IP},
	Volume = {13},
	Year = {2003}}


@article{wenger_ott_jscc,
	Author = {Stephen Wenger and J\"{o}rg Ott},
	Journal = {submitted for review},
	Title = {A Joint Source/Channel Coding: Approach for low-delay video},
	Year = {2007}}


@misc{3gpp.26.902,
	Author = {{{3GPP} {TR} 26.902}},
	Date-Modified = {2011-05-08 12:53:33 +0300},
	Days = 21,
	Month = Jan,
	Title = {{Video codec performance}},
	Year = 2008,
}

@misc{3gpp.25.322,
	Author = {{{3GPP} {TS} 25.322}},
	Date-Modified = {2011-05-08 12:53:33 +0300},
	Days = 23,
	Month = sep,
	Title = {{Radio Link Control (RLC) protocol spec}},
	Year = 2008,
	Bdsk-Url-1 = {http://www.3gpp.org/ftp/Specs/html-info/25322.htm}}


@misc{web-comscore-sept10,
	Author = {comScore: Andres Palmiter},
	Date-Modified = {2011-05-08 12:53:33 +0300},
	Howpublished = {Fetched September 2010},
	Title = {{Live Streaming Video Jumps 600\% in Past Year}},
	Bdsk-Url-1 = {http://blog.comscore.com/2010/09/live_streaming_video_jumps.html}}

@misc{web-comscore-nov09,
	Author = {comScore},
	Date-Modified = {2011-05-08 12:53:33 +0300},
	Howpublished = {Fetched January 2010},
	Title = {{November Sees Number of U.S. Videos Viewed Online Surpass 30 Billion for First Time on Record}},
	Bdsk-Url-1 = {http://comscore.com/Press_Events/Press_Releases/2010/1/November_Sees_Number_of_U.S._Videos_Viewed_Online_Surpass_30_Billion_for_First_Time_on_Record}}


@misc{web-itu-intro-3g,
	Author = {{International Telecommunication Union (ITU)}},
	Date-Modified = {2011-05-08 12:53:33 +0300},
	Howpublished = {Fetched January 2010},
	Title = {{Introduction to Mobile Cellular Technology}},
	Bdsk-Url-1 = {http://www.itu.int/osg/spu/imt-2000/technology.html}}

@misc{itu-t-adsl,
	Author = {{ITU-T G.992.1}},
	Date-Modified = {2011-05-08 12:53:33 +0300},
	Howpublished = {Fetched January 2010},
	Title = {{Asymmetric digital subscriber line (ADSL) transceivers}},
	Year = {{1999-2007}},
	Bdsk-Url-1 = {http://www.itu.int/rec/T-REC-G.992.1/en}}

@misc{itu-t-j247,
	Author = {{ITU-T J.247}},
	Date-Modified = {2011-05-08 12:53:33 +0300},
	Howpublished = {Fetched April 2010},
	Note = {Pre-published},
	Title = {{Objective perceptual multimedia video quality measurement in the presence of a full reference}},
	Year = {{1999-2008}},
	Bdsk-Url-1 = {http://www.itu.int/rec/T-REC-J.247/en}}

@misc{matlab-psnr,
	Author = {{Mathworks}},
	Date-Modified = {2011-05-08 12:53:33 +0300},
	Howpublished = {Fetched April 2010},
	Title = {{Simulink: PSNR Calculation}},
	Year = {{1982-2010-}},
	Bdsk-Url-1 = {http://www.mathworks.com/access/helpdesk/help/toolbox/vipblks/ref/psnr.html}}

@techreport{tr-ac-glomobrep10,
	Author = {Allot MobileTrends},
	Date-Modified = {2011-05-08 12:53:33 +0300},
	Institution = {Allot Communications},
	Month = july,
	Title = {{Global Mobile Broadband Traffic Report}},
	Type = {Technical Report},
	Year = 2010,
	Bdsk-Url-1 = {http://www.allot.com/MobileTrends_Report_H1_2010.html}}

@Techreport{tr-ac-glomobrep11,
  author="Allot MobileTrends",
  title="{Global Mobile Broadband Traffic Report}",
  type = "Tech Report",
  institution = "Allot Communications",
  month="july",
  year = 2011,
}
%url = "{http://www.allot.com/index.aspx?id=3797&itemID=65415}"




@misc{Li02asaliency,
	Author = {Zhaoping Li},
	Title = {A Saliency Map in Primary Visual Cortex},
	Year = {2002}}

@misc{rtp.faq.jitter,
	Author = {{Henning Schulzrinne}},
	Date-Modified = {2011-05-08 12:53:33 +0300},
	Howpublished = {Fetched November 2010},
	Title = {{Some Frequently Asked Questions about RTP: How is the jitter computed?}},
	Bdsk-Url-1 = {http://www.cs.columbia.edu/~hgs/rtp/faq.html#jitter}}

@article{Ong:2006p3066,
	Author = {EP Ong and X Yang and W Lin and Z Lu and S Yao and X Lin and S Rahardja and BC Seng},
	Journal = {Journal of Visual Communication and Image Representation},
	Number = {4},
	Title = {Perceptual quality and objective quality measurements of compressed videos},
	Volume = {17},
	Year = {2006}}


@inproceedings{Kuschnig:2010p576,
	Author = {R Kuschnig and I Kofler and H Hellwagner},
	Booktitle = {Proc. of ACM MMSys},
	Title = {{An Evaluation of TCP-based Rate-Control Algorithms for Adaptive Internet Streaming of {H.264}/{SVC}}},
	Year = {2010}}

@inproceedings{Aravinda:2008p14,
	Author = {P Aravinda and K Acharya and A Sharma and EM Belding and KC Almeroth and K Papagiannaki},
	Booktitle = {Proc. of IEEE SECON},
	Title = {{Congestion-Aware Rate Adaptation in Wireless Networks: A Measurement-Driven Approach}},
	Year = {2008}}

@article{Carbone:2010p3502,
	Author = {M Carbone and L Rizzo},
	Date-Modified = {2011-05-08 12:53:34 +0300},
	Journal = {in Proc. of ACM SIGCOMM CCR},
	Month = {Jan},
	Title = {{Dummynet revisited}},
	Year = {2010},
}

@techreport{relax-fairness,
	Author = {Bob Briscoe},
	Institution = {IETF},
	Month = jul,
	Note = {(Work in progress)},
	Title = {{Problem Statement: {T}ransport Protocols Don't Have To Do Fairness}},
	Type = {Internet Draft},
	Year = 2008}


@article{Begen:2010hg,
	Author = {Begen, A and Perkins, C and Ott, J},
	Journal = {IEEE Network},
	Number = {2},
	Title = {{On the use of RTP for monitoring and fault isolation in IPTV}},
	Volume = {24},
	Year = {2010}}


@inproceedings{Banerjee04scalableresilient,
	Author = {Suman Banerjee and Seungjoon Lee and Ryan Braud and Bobby Bhattacharjee and Aravind Srinivasan},
	Booktitle = {Proc. of ACM NOSSDAV},
	Title = {{Scalable Resilient Media Streaming}},
	Year = {2004}}


@article{Briscoe06g:Rate_fair_Dis,
	Author = {Bob Briscoe},
	Journal = {ACM SIGCOMM CCR},
	Month = apr,
	Number = 2,
	Title = {Flow Rate Fairness: {D}ismantling a Religion},
	Volume = 37,
	Year = 2007}

@inproceedings{Banerjee03constructionof,
	Author = {Suman Banerjee and Christopher Kommareddy and Koushik Kar and Bobby Bhattacharjee and Samir Khuller},
	Booktitle = {INFOCOM '03},
	Title = {{Construction of an Efficient Overlay Multicast Infrastructure for Real-Time Applications}}
}


@misc{VS:RateMixed,
	Author = {Varun Singh and Joerg Ott and Igor Curcio},
	Booktitle = {Full Thesis},
	Date-Modified = {2011-05-08 12:53:34 +0300},
	Month = 4,
	Title = {Rate-control for Conversational {H.264} Video Communication in Heterogeneous Networks},
	Year = 2011,
}

@inproceedings{VS:Rate,
	Address = {Rio de Janeiro, BR},
	Author = {Varun Singh and Joerg Ott and Igor Curcio},
	Booktitle = {Proc. of INFOCOM Workshop},
	Title = {Rate adaptation for conversational {3G} Video},
	Year = 2009}

@article{nadu.1530486,
	Author = {Curcio, I.D.D. and Leon, D.},
	Journal = {ICIP},
	year="2005",
	Location = {Genova, Italy},
	Title = {Evolution of 3GPP streaming for improving {QoS} over mobile networks},
	}

@misc{h264,
	Author = {{{ITU-T} Rec. {H.264}}},
	Title = {Advanced video coding for generic audiovisual services}}

@article{er.eval,
	Address = {Los Alamitos, CA, USA},
	Author = {Jegadish Devadoss and Varun Singh and J Ott and Chenghao Liu and Ye-Kui Wang and Igor Curcio},
	Journal = {IEEE International Symposium on Multimedia,},
	Location = {Berkeley, CA, U.S.A},
	Title = {{Evaluation of Error Resilience Mechanisms for 3G Conversational Video}},
	Year = {2008},
	}

@misc{draft.mprtp,
	Author = {Varun Singh and Teemu Karkkainen and Joerg Ott and Saba Ahsan},
	Institution = {IETF},
	Type = {(Work in progress)},
	Title = {{Multipath RTP (MPRTP)}},
	Note = {{IETF Internet Draft, draft-singh-avtcore-mprtp}},
	Year = 2011}

@misc{draft-ietf-xrblock-rtcp-xr-discard-rle-metrics-04.txt,
	Author = {J\"org Ott and Igor Curcio and Varun Singh},
	Institution = {IETF},
	Type = {(Work in progress)},
    title="{RTP Control Protocol (RTCP) Extended Reports (XR) for  Run Length Encoding (RLE) of Discarded Packets}",
	Note = {{IETF Internet Draft}},
	Year = 2011}
	
@misc{draft.rtp.tfrc,
	Author = {Ladan Gharai and Colin Perkins},
	Institution = {IETF},
	Month = {March},
	Note = {(Work in progress)},
	Title = {{RTP with TCP Friendly Rate Control}},
	Type = {{IETF Internet Draft}},
	Year = 2011}

@inproceedings{4397059,
	Author = {Harinath Garudadri and Hyukjune Chung and Naveen Srinivasamurthy and Phoom Sagetong},
	Booktitle = {Proc. of PV},
	Title = {{Rate Adaptation for Video Telephony in {3G} Networks}},
	year= 2007,
	}


@misc{netem,
	Author = {Stephen Hemminger},
	Howpublished = {LCA'05},
	Title = {{Network Emulation with NetEm}}}

@misc{dummynet,
	Howpublished = {http://info.iet.unipi.it/~luigi/dummynet/},
	Title = {{Dummynet}}}


@article{633035,
	Author = {Katabi,, Dina and Handley,, Mark and Rohrs,, Charlie},
	Issn = {0146-4833},
	Journal = {SIGCOMM CCR},
	Number = {4},
	Pages = {89--102},
	Publisher = {ACM},
	Title = {Congestion control for high bandwidth-delay product networks},
	Volume = {32},
	Year = {2002},
}

@misc{wang00review,
	Author = {Y. Wang and S. Wenger and J. Wen and A. Katsaggelos},
	Text = {IEEE Signal Processing Magazine, vol. 17, no. 4, July 2000},
	Title = {Review of Error Resilient Coding Techniques for Real-Time Video Communications},
	Year = {2000}}

@book{Colin03,
	Author = {Perkins, Colin},
	Edition = {First},
	Isbn = {0-672-32249-8},
	Publisher = {Addison-Wesley Professional},
	Title = {{RTP: audio and video for the internet}},
	Year = {2003}}

@misc{Gstreamer,
	url = {http://gstreamer.freedesktop.org/},
	Title = {{Open Source Multimedia Framework}},
	author = {Gstreamer}
	}

@misc{jrtp,
	url = {http://research.edm.uhasselt.be/~jori/},
	Title = {{JRTPLIB}},
	author = {Jori Liesenborgs}
	}


@article{Cen:2003eo,
author = {Cen, Song and Cosman, P.C and Voelker, G.M},
title = {{End-to-end differentiation of congestion and wireless losses}},
journal = {IEEE/ACM TON},
year = {2003},
volume = {11},
number = {5},
}

@article{Fall:1996wj,
author = {Fall, K and Floyd, S},
title = {{Simulation-based comparisons of Tahoe, Reno and SACK TCP}},
journal = {ACM SIGCOMM CCR},
year = {1996},
month = jan
}

@article{Sathiaseelan:2007jq,
author = {Sathiaseelan, A and Fairhurst, G},
title = {{Multimedia Congestion Control for Broadband Wireless Networks}},
journal = {Mobile and Wireless Communications Summit, 2007},
}

@INPROCEEDINGS{Gharai:2002wt, 
author={Gharai, L. and Perkins, C.}, 
booktitle={Proc. of ICME '02}, 
title={{Implementing Congestion Control in the Real World}}, 
year={2002}, 
month={}, 
volume={1}, 
number={}, 
pages={ 397 - 400 vol.1}, 
}

@inproceedings{VladBalan:2007dq,
author = {Vlad Balan, H and Eggert, L and Niccolini, S and Brunner, M},
title = {{An Experimental Evaluation of Voice Quality Over the Datagram Congestion Control Protocol}},
booktitle = {Proc. of IEEE INFOCOM},
year = {2007},
}

@inproceedings{tcp-real-time,
  author =	 {Eli Brosh and Salman Abdul Baset and Dan Rubenstein and Henning Schulzrinne},
  title = 	 {{The Delay-Friendliness of TCP}},
  year = 	 {2008},
  booktitle =    {Proc. of ACM SIGMETRICS}
}

@article{veeron:2004:rate-control,
	Author = {{Ve\'eron}, J. and Guillemot, C.},
	Journal = {{IEEE} Transactions on Multimedia},
	Month = {August},
	Number = {4},
	Pages = {634--646},
	Title = {Real-Time Constrained {TCP}-Compatible Rate Control for Video Over the {Internet}},
	Volume = {6},
	Year = {2004}}


@inproceedings{Choi:2007:FTFRC,
 author = {Choi, Soo Hyun and Handley, Mark},
 title = {Fairer TCP-friendly congestion control protocol for multimedia streaming applications},
 booktitle = {Proc. of ACM CoNEXT},
 year="2007"
} 

@inproceedings{choi2009designing,
  title={Designing TCP-Friendly Window-based Congestion Control for Real-time Multimedia Applications},
  author={Choi, S.H. and Handley, M.},
  Booktitle={Proc. of PFLDNeT},
  year={2009}
}

@Misc{cisco:2010:video,
  author =       {Cisco},
  title = 		 {Entering the Zettabyte Era},
  howpublished = {Whitepaper},
  month =        {June},
  year =         {2011}
}


@INPROCEEDINGS{752152, 
author={Rejaie, R. and Handley, M. and Estrin, D.}, 
booktitle={Proc. of INFOCOM}, 
title={{Rap: an End-To-End Rate-Based Congestion Control Mechanism for Realtime Streams in the Internet}}, 
year={1999}, 
month={Mar}, 
}

@inproceedings{cen1998flow,
  title={{Flow and Congestion Control for Internet Media Streaming Applications}},
  author={Cen, S. and Pu, C. and Walpole, J.},
  booktitle={Proc. of Multimedia Computing and Networking},
  pages={1--14},
  year={1998},
}

@article{kanakia1993adaptive,
  title={An adaptive congestion control scheme for real-time packet video transport},
  author={Kanakia, H. and Mishra, P.P. and Reibman, A.},
  journal={ACM SIGCOMM CCR},
  volume={23},
  number={4},
  pages={20--31},
  year={1993},
  organization={ACM}
}

@misc{codec_x264,
  title={x264-a free {H.264/AVC} encoder},
  author={Aimar, L. and Merritt, L. and Petit, E. and Chen, M. and Clay, J. and Rullgrd, M. and Heine, C. and Izvorski, A.},
  journal={Online: http://www.videolan.org/developers/x264.html}
}

@misc{amusys,
	Author = {Marcin Nagy, Saba Ahsan and Varun Singh},
	Title = {Adaptive Multimedia System (amusys)},
}

@misc{api-youtube,
	Author = {{Google Code}},
	title = {YouTube Data API},
	url={http://code.google.com/apis/youtube/2.0/reference.html}}



@misc{3gpp.26.346,
	Author = {{{3GPP} {TS} 26.346}},
	Title = {{Multimedia Broadcast/Multicast Service (MBMS); Protocols and codecs}},
}

@misc{3gpp.23.107,
	Author = {{{3GPP} {TS} 23.107}},
	Title = {{Quality of Service (QoS) concept and architecture}},
}

@misc{googleRC,
	Author = {H. Alvestrand and S. Holmer and H. Lundin},
	Institution = {IETF},
	Type = {(Work in progress)},
	Title = {{A Google Congestion Control Algorithm for Real-Time Communication on the World Wide Web}},
	Note = {{IETF Internet Draft}},
	Year = 2012}

@misc{draft.rtp.cb,
	Author = {C. Perkins and V. Singh},
	Institution = {IETF},
	Type = {(Work in progress)},
	Title = {{RTP Congestion Control: Circuit Breakers for Unicast Sessions}},
	Note = {{IETF Internet Draft}},
	Year = 2012}

@misc{draft.xr.owd,
	Author = {R. Brandenburg and K. Gross and Q. Wu and F. Boronat and M. Montagud},
	Institution = {IETF},
	Type = {(Work in progress)},
	Title = {{RTCP XR Report Block for One Way Delay metric Reporting}},
	Note = {{IETF Internet Draft}},
	Year = 2012}

@INPROCEEDINGS{VS:HetRate,
AUTHOR="Varun Singh and Joerg Ott and Igor Curcio",
TITLE={{Rate-control for Conversational Video Communication in Heterogeneous Networks}},
BOOKTITLE="in Proc. of IEEE WoWMoM Workshop",
ADDRESS="SFO, CA, USA",
YEAR=2012,
KEYWORDS="video calls, heterogeneous environment.",
}

@inproceedings{Devadoss2008,
 author = {Devadoss, Jegadish and Singh, Varun and Ott, J\"{o}rg and Liu, Chenghao and Wang, Ye-Kui and Curcio, Igor},
 title = {{Evaluation of Error Resilience Mechanisms for 3G Conversational Video}},
 booktitle = {Proc. of IEEE ISM},
 year = {2008},
 isbn = {978-0-7695-3454-1},
 pages = {378--383},
 numpages = {6},
 keywords = {Error Resilience, Video over wireless, 3G Video},
}

@misc{ns2,
  key = "ns",
  title = "{The Network Simulator NS-2}",
  howpublished = "\url{http://www.isi.edu/nsnam/ns/}",
}

@article{NgamwongwattanaT10,
  title = {Sync \& {Sense}: {VoIP} {Measurement Methodology for Assessing One-Way Delay Without Clock Synchronization}},
  author = {B. Ngamwongwattana and R. Thompson},
  year = {2010},
  journal = {in Proc. of IEEE Transactions of Instrumentation and Measurement},
  volume = {59},
  number = {5},
  pages = {1318-1326},
}

@misc{ott2012evaluating,
  title={Evaluating Congestion Control for Interactive Real-time Media.},
  author={Singh, V. and Ott, J.},
  year={2012},
  Note = {{IETF Internet Draft}},
}
